<record><leader>00000cas a2200000 a 4500</leader><controlfield tag="001">12401485</controlfield><controlfield tag="008">850820d198519uuksuwr ne      0    0eng d</controlfield><datafield ind1=" " ind2=" " tag="010"><subfield code="a">sn 85029755 </subfield></datafield><datafield ind1=" " ind2=" " tag="040"><subfield code="a">KSH</subfield><subfield code="b">eng</subfield><subfield code="c">KSH</subfield><subfield code="d">NPT</subfield><subfield code="d">NSD</subfield><subfield code="d">OCL</subfield><subfield code="d">OCLCQ</subfield></datafield><datafield ind1=" " ind2=" " tag="037"><subfield code="b">11004 Johnson Drive, Shawnee, KS., 66203</subfield></datafield><datafield ind1=" " ind2=" " tag="042"><subfield code="a">msc</subfield></datafield><datafield ind1="0" ind2=" " tag="130"><subfield code="a">Journal-herald (Shawnee, Kan.)</subfield></datafield><datafield ind1="1" ind2="4" tag="245"><subfield code="a">The journal-herald.</subfield></datafield><datafield ind1=" " ind2=" " tag="260"><subfield code="a">Shawnee, Kan. :</subfield><subfield code="b">Roberts Pub. Co.,</subfield><subfield code="c">1985-</subfield></datafield><datafield ind1=" " ind2=" " tag="300"><subfield code="a">v. :</subfield><subfield code="b">ill. ;</subfield><subfield code="c">42 cm.</subfield></datafield><datafield ind1=" " ind2=" " tag="310"><subfield code="a">Weekly</subfield></datafield><datafield ind1="0" ind2=" " tag="362"><subfield code="a">Vol. 62, no. 5 (Aug. 7, 1985)-</subfield></datafield><datafield ind1=" " ind2=" " tag="521"><subfield code="a">"Serving the communities of Shawnee and Merriam."</subfield></datafield><datafield ind1=" " ind2=" " tag="752"><subfield code="a">United States</subfield><subfield code="b">Kansas</subfield><subfield code="c">Johnson</subfield><subfield code="d">Shawnee.</subfield></datafield><datafield ind1="0" ind2="0" tag="780"><subfield code="t">Shawnee journal-herald</subfield><subfield code="w">(OCoLC)11947686</subfield></datafield><datafield ind1="0" ind2="0" tag="785"><subfield code="t">Shawnee journal herald (Shawnee, Kan. : 1995)</subfield><subfield code="x">1087-1160</subfield><subfield code="w">(DLC)sn 96003207</subfield><subfield code="w">(OCoLC)34186334</subfield></datafield><datafield ind1="1" ind2=" " tag="029"><subfield code="a">AU@</subfield><subfield code="b">000020386050</subfield></datafield></record>